%YAML 1.1
%TAG !u! tag:unity3d.com,2011:
--- !u!1001 &100100000
Prefab:
  m_ObjectHideFlags: 1
  serializedVersion: 2
  m_Modification:
    m_TransformParent: {fileID: 0}
    m_Modifications: []
    m_RemovedComponents: []
  m_ParentPrefab: {fileID: 0}
  m_RootGameObject: {fileID: 1181215196045132}
  m_IsPrefabParent: 1
--- !u!1 &1181215196045132
GameObject:
  m_ObjectHideFlags: 0
  m_PrefabParentObject: {fileID: 0}
  m_PrefabInternal: {fileID: 100100000}
  serializedVersion: 5
  m_Component:
  - component: {fileID: 4588121037255360}
  - component: {fileID: 114306248022102710}
  - component: {fileID: 114537546722540430}
  m_Layer: 0
  m_Name: Level 2
  m_TagString: Untagged
  m_Icon: {fileID: 0}
  m_NavMeshLayer: 0
  m_StaticEditorFlags: 0
  m_IsActive: 1
--- !u!4 &4588121037255360
Transform:
  m_ObjectHideFlags: 1
  m_PrefabParentObject: {fileID: 0}
  m_PrefabInternal: {fileID: 100100000}
  m_GameObject: {fileID: 1181215196045132}
  m_LocalRotation: {x: -0, y: -0, z: -0, w: 1}
  m_LocalPosition: {x: 0, y: 0, z: -25}
  m_LocalScale: {x: 1, y: 1, z: 1}
  m_Children: []
  m_Father: {fileID: 0}
  m_RootOrder: 0
  m_LocalEulerAnglesHint: {x: 0, y: 0, z: 0}
--- !u!114 &114306248022102710
MonoBehaviour:
  m_ObjectHideFlags: 1
  m_PrefabParentObject: {fileID: 0}
  m_PrefabInternal: {fileID: 100100000}
  m_GameObject: {fileID: 1181215196045132}
  m_Enabled: 1
  m_EditorHideFlags: 0
  m_Script: {fileID: 11500000, guid: 7412d5d10047f2f4993a7a6376553df5, type: 3}
  m_Name: 
  m_EditorClassIdentifier: 
  enemySpawnDelays:
  - 0.15
  - 0.125
  - 0.1
  - 0.075
  - 0.05
  - 0.025
  - 0.01
  - 0.0075
  - 0.005
  waypointWidths:
  - 0.15
  - 0.75
  - 0.75
  - 0.75
  - 0.75
  - 0.75
  - 0.75
  - 0.75
  - 0.75
  - 0.75
  - 0.75
  - 0.75
  - 0.75
  - 0.75
  - 0.75
  - 0.75
  - 0.75
  - 0.75
  - 0.75
  music: 0
  wavesToWin: 10
  waveStartingPoints: 040000000400000008000000
  decorations: 
  waypointRoots: 00000000000000000100000002000000030000000400000005000000060000000700000008000000090000000a0000000b0000000c0000000d0000000e0000000f0000000c00000011000000
  waveContents: []
  decorationLocations: []
  waypointLocations:
  - {x: 60, y: -27}
  - {x: 57.9, y: -24.96}
  - {x: 52.15, y: -22.04}
  - {x: 46.22, y: -20.77}
  - {x: 43.39, y: -21.73}
  - {x: 43.69, y: -23.11}
  - {x: 45.89, y: -23.94}
  - {x: 48.18, y: -25.11}
  - {x: 48.07, y: -26.55}
  - {x: 45.95, y: -28.23}
  - {x: 43.31, y: -28.43}
  - {x: 41.17, y: -28.04}
  - {x: 39.02, y: -28.58}
  - {x: 33.07, y: -31.64}
  - {x: 29.44, y: -33.35}
  - {x: 24.62, y: -33.35}
  - {x: 21.25, y: -32.39}
  - {x: 17.63, y: -31.98}
  - {x: 12.98, y: -33.07}
  playerBoundries: []
  cameraPositions:
  - {x: 60, y: 1.25, z: -31.5}
  - {x: 59, y: 2, z: -32}
  - {x: 58, y: 2.5, z: -32.5}
  - {x: 57, y: 3, z: -33}
  - {x: 56, y: 3.5, z: -33.5}
  - {x: 55, y: 4, z: -34}
  - {x: 54, y: 4.5, z: -34.5}
  - {x: 53, y: 5, z: -35}
  - {x: 52, y: 5.5, z: -35.5}
  - {x: 51, y: 6, z: -36}
  startingPoint: {x: 60, y: -30}
  elevators:
  - {fileID: 0}
--- !u!114 &114537546722540430
MonoBehaviour:
  m_ObjectHideFlags: 1
  m_PrefabParentObject: {fileID: 0}
  m_PrefabInternal: {fileID: 100100000}
  m_GameObject: {fileID: 1181215196045132}
  m_Enabled: 0
  m_EditorHideFlags: 0
  m_Script: {fileID: 11500000, guid: 06dbed78dab00ee4ca8cc713450a4d6c, type: 3}
  m_Name: 
  m_EditorClassIdentifier: 
  level: {fileID: 114306248022102710}
  waypointParent: {fileID: 0}
